<collection xmlns="http://www.loc.gov/MARC21/slim">
    <record>
        <controlfield tag="001">147853</controlfield>
        <controlfield tag="005">20230505223521.0</controlfield>
        <datafield tag="024" ind1="7" ind2=" ">
            <subfield code="2">doi</subfield>
            <subfield code="a">10.1103/PhysRevB.80.165312</subfield>
        </datafield>
        <datafield tag="024" ind1="7" ind2="0">
            <subfield code="2">ISI</subfield>
            <subfield code="a">000271352100087</subfield>
        </datafield>
        <datafield tag="037" ind1=" " ind2=" ">
            <subfield code="a">ARTICLE</subfield>
        </datafield>
        <datafield tag="039" ind1=" " ind2="9">
            <subfield code="a">2023-05-05 22:35:21</subfield>
            <subfield code="b">0</subfield>
            <subfield code="c">2023-01-13 19:24:17</subfield>
            <subfield code="d">0</subfield>
            <subfield code="c">2020-11-02 21:41:58</subfield>
            <subfield code="d">0</subfield>
            <subfield code="c">2020-10-28 23:09:11</subfield>
            <subfield code="d">0</subfield>
            <subfield code="c">2020-10-27 09:14:47</subfield>
            <subfield code="d">0</subfield>
            <subfield code="c">2020-10-27 04:29:38</subfield>
            <subfield code="d">0</subfield>
            <subfield code="c">2020-10-26 12:06:34</subfield>
            <subfield code="d">0</subfield>
            <subfield code="c">2020-10-26 05:44:36</subfield>
            <subfield code="d">0</subfield>
            <subfield code="c">2020-10-25 22:36:09</subfield>
            <subfield code="d">0</subfield>
            <subfield code="c">2020-10-25 11:49:46</subfield>
            <subfield code="d">0</subfield>
            <subfield code="c">2020-10-25 09:35:14</subfield>
            <subfield code="d">0</subfield>
            <subfield code="c">2020-10-25 04:24:07</subfield>
            <subfield code="d">0</subfield>
            <subfield code="c">2020-10-25 01:22:45</subfield>
            <subfield code="d">0</subfield>
            <subfield code="c">2020-10-24 21:36:00</subfield>
            <subfield code="d">0</subfield>
            <subfield code="c">2020-10-24 10:11:26</subfield>
            <subfield code="d">0</subfield>
            <subfield code="c">2020-10-24 01:25:35</subfield>
            <subfield code="d">0</subfield>
            <subfield code="c">2020-10-23 15:28:59</subfield>
            <subfield code="d">0</subfield>
            <subfield code="c">2020-07-30 02:12:28</subfield>
            <subfield code="d">273092026</subfield>
            <subfield code="c">2020-05-19 10:40:49</subfield>
            <subfield code="d">273092026</subfield>
            <subfield code="c">2020-04-20 08:19:44</subfield>
            <subfield code="d">0</subfield>
            <subfield code="c">2020-04-20 05:57:49</subfield>
            <subfield code="d">0</subfield>
            <subfield code="c">2019-12-05 13:54:38</subfield>
            <subfield code="d">0</subfield>
            <subfield code="c">2019-03-16 23:47:43</subfield>
            <subfield code="d">0</subfield>
            <subfield code="c">2019-03-05 17:54:08</subfield>
            <subfield code="d">0</subfield>
            <subfield code="c">2018-12-03 02:18:45</subfield>
            <subfield code="d">0</subfield>
            <subfield code="c">2018-12-03 00:10:43</subfield>
            <subfield code="d">0</subfield>
            <subfield code="c">2018-11-14 20:22:23</subfield>
            <subfield code="d">0</subfield>
            <subfield code="c">2018-11-14 18:21:43</subfield>
            <subfield code="d">0</subfield>
            <subfield code="c">2018-09-13 05:57:30</subfield>
            <subfield code="d">0</subfield>
            <subfield code="c">2018-09-13 03:15:02</subfield>
            <subfield code="d">0</subfield>
            <subfield code="c">2018-03-17 09:52:35</subfield>
            <subfield code="d">0</subfield>
            <subfield code="c">2018-01-28 02:17:20</subfield>
            <subfield code="d">0</subfield>
            <subfield code="c">2018-01-27 02:17:59</subfield>
            <subfield code="d">0</subfield>
            <subfield code="c">2017-05-12 14:16:57</subfield>
            <subfield code="d">0</subfield>
            <subfield code="c">2016-08-08 23:46:59</subfield>
            <subfield code="d">0</subfield>
            <subfield code="c">2016-05-30 13:47:18</subfield>
            <subfield code="d">0</subfield>
            <subfield code="c">2012-11-08 15:24:34</subfield>
            <subfield code="d">0</subfield>
            <subfield code="c">2012-11-07 15:13:07</subfield>
            <subfield code="d">0</subfield>
            <subfield code="c">2012-04-27 11:19:05</subfield>
            <subfield code="d">0</subfield>
            <subfield code="c">2012-04-26 11:13:46</subfield>
            <subfield code="d">0</subfield>
            <subfield code="c">2012-04-26 08:46:16</subfield>
            <subfield code="d">0</subfield>
            <subfield code="c">2012-03-21 18:09:29</subfield>
            <subfield code="d">0</subfield>
            <subfield code="c">2012-03-20 18:05:31</subfield>
            <subfield code="d">0</subfield>
            <subfield code="c">2012-03-20 00:07:52</subfield>
            <subfield code="d">0</subfield>
            <subfield code="c">2012-03-13 17:31:57</subfield>
            <subfield code="d">0</subfield>
            <subfield code="c">2012-03-13 16:29:09</subfield>
            <subfield code="d">0</subfield>
            <subfield code="c">2012-03-13 00:07:41</subfield>
            <subfield code="d">0</subfield>
            <subfield code="c">2012-03-07 15:59:41</subfield>
            <subfield code="d">0</subfield>
            <subfield code="c">2012-03-06 15:52:59</subfield>
            <subfield code="d">0</subfield>
            <subfield code="c">2012-03-06 00:07:03</subfield>
            <subfield code="d">0</subfield>
            <subfield code="c">2012-02-29 15:24:50</subfield>
            <subfield code="d">0</subfield>
            <subfield code="c">2012-02-28 15:19:34</subfield>
            <subfield code="d">0</subfield>
            <subfield code="c">2012-02-28 00:08:56</subfield>
            <subfield code="d">0</subfield>
            <subfield code="c">2012-02-24 14:54:40</subfield>
            <subfield code="d">0</subfield>
            <subfield code="c">2012-02-23 14:50:10</subfield>
            <subfield code="d">0</subfield>
            <subfield code="c">2012-02-21 00:04:22</subfield>
            <subfield code="d">0</subfield>
            <subfield code="c">2012-02-14 00:03:40</subfield>
            <subfield code="d">0</subfield>
            <subfield code="c">2012-02-07 00:02:48</subfield>
            <subfield code="d">0</subfield>
            <subfield code="c">2011-12-16 13:41:49</subfield>
            <subfield code="d">0</subfield>
            <subfield code="c">2011-09-01 18:41:06</subfield>
            <subfield code="d">0</subfield>
            <subfield code="c">2011-08-31 16:51:03</subfield>
            <subfield code="d">0</subfield>
            <subfield code="c">2011-08-24 18:41:15</subfield>
            <subfield code="d">0</subfield>
            <subfield code="c">2011-08-23 15:59:14</subfield>
            <subfield code="d">0</subfield>
            <subfield code="c">2011-08-05 15:42:10</subfield>
            <subfield code="d">0</subfield>
            <subfield code="c">2011-08-04 15:39:13</subfield>
            <subfield code="d">0</subfield>
            <subfield code="c">2011-07-15 15:00:14</subfield>
            <subfield code="d">0</subfield>
            <subfield code="y">2011-07-09 12:02:09</subfield>
            <subfield code="z">0</subfield>
        </datafield>
        <datafield tag="245" ind1=" " ind2=" ">
            <subfield code="a">Coulomb correlations of charged excitons in semiconductor quantum dots</subfield>
        </datafield>
        <datafield tag="260" ind1=" " ind2=" ">
            <subfield code="c">2009</subfield>
        </datafield>
        <datafield tag="269" ind1=" " ind2=" ">
            <subfield code="a">2009</subfield>
        </datafield>
        <datafield tag="336" ind1=" " ind2=" ">
            <subfield code="a">Journal Articles</subfield>
        </datafield>
        <datafield tag="520" ind1=" " ind2=" ">
            <subfield code="a">The emission pattern of charged excitons in a semiconductor quantum dot (QD).</subfield>
        </datafield>
        <datafield tag="653" ind1="1" ind2=" ">
            <subfield code="a">Fine Structure Splitting</subfield>
        </datafield>
        <datafield tag="653" ind1="1" ind2=" ">
            <subfield code="a">Spin</subfield>
        </datafield>
        <datafield tag="653" ind1="1" ind2=" ">
            <subfield code="a">Excitons</subfield>
        </datafield>
        <datafield tag="653" ind1="1" ind2=" ">
            <subfield code="a">Semiconductor nanostructures</subfield>
        </datafield>
        <datafield tag="700" ind1=" " ind2=" ">
            <subfield code="0">241869</subfield>
            <subfield code="a">Oberli, D. Y.</subfield>
            <subfield code="g">106001</subfield>
        </datafield>
        <datafield tag="700" ind1=" " ind2=" ">
            <subfield code="a">Byszewski, M.</subfield>
        </datafield>
        <datafield tag="700" ind1=" " ind2=" ">
            <subfield code="a">Chalupar, B.</subfield>
        </datafield>
        <datafield tag="700" ind1=" " ind2=" ">
            <subfield code="0">240544</subfield>
            <subfield code="a">Pelucchi, E.</subfield>
            <subfield code="g">148133</subfield>
        </datafield>
        <datafield tag="700" ind1=" " ind2=" ">
            <subfield code="0">240082</subfield>
            <subfield code="a">Rudra, A.</subfield>
            <subfield code="g">106305</subfield>
        </datafield>
        <datafield tag="700" ind1=" " ind2=" ">
            <subfield code="0">240239</subfield>
            <subfield code="a">Kapon, E.</subfield>
            <subfield code="g">105530</subfield>
        </datafield>
        <datafield tag="773" ind1=" " ind2=" ">
            <subfield code="j">80</subfield>
            <subfield code="q">165312-(1-7)</subfield>
        </datafield>
        <datafield tag="856" ind1="4" ind2=" ">
            <subfield code="9">4ccc1711-88b7-4c8a-8384-60c5687db241</subfield>
            <subfield code="e">RESTRICTED</subfield>
            <subfield code="s">127739</subfield>
            <subfield code="u">https://test/record/147853</subfield>
            <subfield code="2">947ce7eec5e7897e93ff7aa59fa8f7a7</subfield>
        </datafield>
        <datafield tag="856" ind1="4" ind2=" ">
            <subfield code="9">71c26b89-d689-4c59-ab96-35b5f0f44fe1</subfield>
            <subfield code="e">RESTRICTED</subfield>
            <subfield code="s">48233</subfield>
            <subfield code="z">n/a</subfield>
            <subfield code="u">https://test.it/record/147853</subfield>
            <subfield code="2">439245e19b68c144ae57d64f0d00c0a3</subfield>
        </datafield>
        <datafield tag="856" ind1="4" ind2=" ">
            <subfield code="9">042dfd30-2fad-488a-86b0-c6e2dd25aea9</subfield>
            <subfield code="e">RESTRICTED</subfield>
            <subfield code="s">38242</subfield>
            <subfield code="u">https://test.ch/record/14785</subfield>
            <subfield code="2">1c6192a35ac1bd30b507bf0004254095</subfield>
        </datafield>
        <datafield tag="856" ind1="4" ind2=" ">
            <subfield code="9">fd8ef127-45c1-4b7a-ab82-759b17339ce3</subfield>
            <subfield code="e">RESTRICTED</subfield>
            <subfield code="s">49948</subfield>
            <subfield code="z">n/a</subfield>
            <subfield code="u">https://test.ch/record/14785</subfield>
            <subfield code="2">09c4410b6cd8d3b39ad11fb92fd527d6</subfield>
        </datafield>
        <datafield tag="856" ind1="4" ind2=" ">
            <subfield code="9">e1ad9822-1168-41d2-a5e6-f6962ea7f5c4</subfield>
            <subfield code="e">RESTRICTED</subfield>
            <subfield code="s">253229</subfield>
            <subfield code="u">https://test.ch/record/14785</subfield>
            <subfield code="2">6731d5e9fd20f72a23b00b41deb4c0d7</subfield>
        </datafield>
        <datafield tag="856" ind1="4" ind2=" ">
            <subfield code="9">a1da6241-5679-4494-8316-6b03f7cd2a24</subfield>
            <subfield code="e">RESTRICTED</subfield>
            <subfield code="s">56460</subfield>
            <subfield code="u">https://test.ch/record/1478</subfield>
            <subfield code="2">07060d1ba849c9176cf4fa545f42fcd0</subfield>
        </datafield>
        <datafield tag="856" ind1="4" ind2=" ">
            <subfield code="9">b0673119-9292-403b-86e2-7bee1e699340</subfield>
            <subfield code="e">RESTRICTED</subfield>
            <subfield code="s">51857</subfield>
            <subfield code="z">n/a</subfield>
            <subfield code="2">5216a51ea1a363a3236d44cd3fd01a74</subfield>
        </datafield>
        <datafield tag="856" ind1="4" ind2=" ">
            <subfield code="9">13369d59-b316-40e8-a2cd-7958c1d3bf9a</subfield>
            <subfield code="e">RESTRICTED</subfield>
            <subfield code="s">38300</subfield>
            <subfield code="2">8d91470aa0710465ac959942bc868ca2</subfield>
        </datafield>
        <datafield tag="856" ind1="4" ind2=" ">
            <subfield code="9">249f2569-9d7f-4c60-8c89-7b9f1d25ee5d</subfield>
            <subfield code="e">RESTRICTED</subfield>
            <subfield code="s">43548</subfield>
            <subfield code="2">ae9b61e0846ce543723e08ecdd3332f5</subfield>
        </datafield>
        <datafield tag="856" ind1="4" ind2=" ">
            <subfield code="9">95c56773-2fb4-414f-8a6c-0a77b67f7587</subfield>
            <subfield code="e">RESTRICTED</subfield>
            <subfield code="s">25847</subfield>
            <subfield code="z">n/a</subfield>
            <subfield code="2">ac8de713dce80c7ddd528f53ee76c327</subfield>
        </datafield>
        <datafield tag="856" ind1="4" ind2=" ">
            <subfield code="9">67f9a53c-7591-4095-9a0f-c316552f19a7</subfield>
            <subfield code="e">RESTRICTED</subfield>
            <subfield code="s">123214</subfield>
            <subfield code="2">eca743e46c7f441102897ba8830b4628</subfield>
        </datafield>
        <datafield tag="856" ind1="4" ind2=" ">
            <subfield code="9">e3dfdeaf-d08e-4ebd-9394-835a46cd525a</subfield>
            <subfield code="e">RESTRICTED</subfield>
            <subfield code="s">56297</subfield>
            <subfield code="2">023b73647b42b092cdb64d51ac81f140</subfield>
        </datafield>
        <datafield tag="856" ind1="4" ind2=" ">
            <subfield code="9">be3eb707-a823-436f-b323-198b1992467c</subfield>
            <subfield code="e">RESTRICTED</subfield>
            <subfield code="s">127236</subfield>
            <subfield code="2">ef87f04720d0d301fbd9401c67391811</subfield>
        </datafield>
        <datafield tag="856" ind1="4" ind2=" ">
            <subfield code="e">Public</subfield>
            <subfield code="0">Publisher's version</subfield>
            <subfield code="9">2113dd3d-a89b-4730-8ae4-a74acb10cd23</subfield>
            <subfield code="s">225987</subfield>
            <subfield code="y">Publisher's version</subfield>
            <subfield code="2">7678a81243ddc6ccf0231fd5ffd1b821</subfield>
        </datafield>
        <datafield tag="909" ind1="C" ind2="0">
            <subfield code="0">252035</subfield>
            <subfield code="p">LPN</subfield>
            <subfield code="x">U10158</subfield>
        </datafield>
        <datafield tag="909" ind1="C" ind2="O">
            <subfield code="o">oai:test.tind.io:147853</subfield>
            <subfield code="p">SB</subfield>
            <subfield code="p">OpenAIREv4</subfield>
            <subfield code="p">article</subfield>
            <subfield code="q">GLOBAL_SET</subfield>
        </datafield>
        <datafield tag="917" ind1="Z" ind2="8">
            <subfield code="x">106001</subfield>
        </datafield>
        <datafield tag="973" ind1=" " ind2=" ">
            <subfield code="a">TEST</subfield>
            <subfield code="r">REVIEWED</subfield>
            <subfield code="s">PUBLISHED</subfield>
        </datafield>
        <datafield tag="980" ind1=" " ind2=" ">
            <subfield code="a">ARTICLE</subfield>
        </datafield>
    </record>