
    <record>
        <controlfield tag="001">293489</controlfield>
        <controlfield tag="005">20230506061353.0</controlfield>
        <datafield tag="037" ind1=" " ind2=" ">
            <subfield code="a">OBJECTS</subfield>
        </datafield>
        <datafield tag="039" ind1=" " ind2="9">
            <subfield code="a">2023-05-06 06:13:53</subfield>
            <subfield code="b">0</subfield>
            <subfield code="c">2023-01-13 20:16:01</subfield>
            <subfield code="d">0</subfield>
            <subfield code="c">2022-04-22 22:31:17</subfield>
            <subfield code="d">0</subfield>
            <subfield code="c">2022-04-22 14:23:48</subfield>
            <subfield code="d">273096332</subfield>
            <subfield code="c">2022-04-22 14:23:43</subfield>
            <subfield code="d">0</subfield>
            <subfield code="c">2022-04-21 09:55:53</subfield>
            <subfield code="d">273092769</subfield>
            <subfield code="c">2022-04-21 09:39:21</subfield>
            <subfield code="d">273092769</subfield>
            <subfield code="y">2022-04-21 09:39:16</subfield>
            <subfield code="z">0</subfield>
        </datafield>
        <datafield tag="245" ind1=" " ind2=" ">
            <subfield code="a">Advanced Active Facade - Demonstrator</subfield>
        </datafield>
        <datafield tag="260" ind1=" " ind2=" ">
            <subfield code="c">2017-09-01</subfield>
        </datafield>
        <datafield tag="269" ind1=" " ind2=" ">
            <subfield code="a">2017-09-01</subfield>
        </datafield>
        <datafield tag="300" ind1=" " ind2=" ">
            <subfield code="c">300x300x300 cm</subfield>
        </datafield>
        <datafield tag="336" ind1=" " ind2=" ">
            <subfield code="a">Physical Objects</subfield>
        </datafield>
        <datafield tag="340" ind1=" " ind2=" ">
            <subfield code="a">BIPV panels</subfield>
        </datafield>
        <datafield tag="340" ind1=" " ind2=" ">
            <subfield code="a">BIPV panel fastening system</subfield>
        </datafield>
        <datafield tag="340" ind1=" " ind2=" ">
            <subfield code="a">Fibrociment panels</subfield>
        </datafield>
        <datafield tag="340" ind1=" " ind2=" ">
            <subfield code="a">Blown cellulose insultation</subfield>
        </datafield>
        <datafield tag="340" ind1=" " ind2=" ">
            <subfield code="a">Timber substructure</subfield>
        </datafield>
        <datafield tag="340" ind1=" " ind2=" ">
            <subfield code="a">OSB panels</subfield>
        </datafield>
        <datafield tag="340" ind1=" " ind2=" ">
            <subfield code="a">Wood fiber insulation</subfield>
        </datafield>
        <datafield tag="340" ind1=" " ind2=" ">
            <subfield code="a">Plaster board</subfield>
        </datafield>
        <datafield tag="340" ind1=" " ind2=" ">
            <subfield code="a">Window façade module</subfield>
        </datafield>
        <datafield tag="340" ind1=" " ind2=" ">
            <subfield code="a">Translucent BIPV panel (balustrade)</subfield>
        </datafield>
        <datafield tag="700" ind1=" " ind2=" ">
            <subfield code="0">249126</subfield>
            <subfield code="a">Clua Longas, Angela</subfield>
            <subfield code="g">259949</subfield>
        </datafield>
        <datafield tag="700" ind1=" " ind2=" ">
            <subfield code="0">244344</subfield>
            <subfield code="a">Rey, Emmanuel</subfield>
            <subfield code="g">103324</subfield>
        </datafield>
        <datafield tag="710" ind1=" " ind2=" ">
            <subfield code="a">Swiss Centre for Electronics and Microtechnology (CSEM)</subfield>
        </datafield>
        <datafield tag="710" ind1=" " ind2=" ">
            <subfield code="a">H.Glass</subfield>
        </datafield>
        <datafield tag="787" ind1=" " ind2=" ">
            <subfield code="e">Is Part Of</subfield>
            <subfield code="w">https://test/record/27272</subfield>
        </datafield>
        <datafield tag="856" ind1="4" ind2=" ">
            <subfield code="e">Public</subfield>
            <subfield code="0">n/a</subfield>
            <subfield code="1">CC BY-NC-ND</subfield>
            <subfield code="9">ba67bdf1-7d3b-4a9c-8f2f-6236276f713b</subfield>
            <subfield code="s">249162</subfield>
            <subfield code="y">AAF Demonstrator</subfield>
            <subfield code="2">071d0e1d1f3ec34ec1bf24d5a1845ebf</subfield>
        </datafield>
        <datafield tag="856" ind1="4" ind2=" ">
            <subfield code="e">Public</subfield>
            <subfield code="0">n/a</subfield>
            <subfield code="1">CC BY-NC-ND</subfield>
            <subfield code="9">f57f9220-6446-406e-8a3f-980d5a23e5a4</subfield>
            <subfield code="s">277845</subfield>
            <subfield code="y">AAF Demonstrator</subfield>
            <subfield code="2">20b8a4d2e50f2f74fad0342c5a7a283c</subfield>
        </datafield>
        <datafield tag="856" ind1="4" ind2=" ">
            <subfield code="e">Public</subfield>
            <subfield code="0">n/a</subfield>
            <subfield code="1">CC BY-NC-ND</subfield>
            <subfield code="9">84f5c21d-aa4b-455c-9612-39d90b4da6f4</subfield>
            <subfield code="s">230946</subfield>
            <subfield code="y">AAF Demonstrator</subfield>
            <subfield code="2">992f768f47fb04f8f9a431e4c2c564b1</subfield>
        </datafield>
        <datafield tag="856" ind1="4" ind2=" ">
            <subfield code="e">Public</subfield>
            <subfield code="0">n/a</subfield>
            <subfield code="1">CC BY-NC-ND</subfield>
            <subfield code="9">605917fb-64b0-452e-8e0b-be04495d91a7</subfield>
            <subfield code="s">211641</subfield>
            <subfield code="y">AAF Demonstrator</subfield>
            <subfield code="2">475ee2ba92aa81747ba3052efd4ea707</subfield>
        </datafield>
        <datafield tag="856" ind1="4" ind2=" ">
            <subfield code="e">Public</subfield>
            <subfield code="0">n/a</subfield>
            <subfield code="1">CC BY-NC-ND</subfield>
            <subfield code="9">61ffcd37-075c-4ebd-ad3f-e4e554efadf7</subfield>
            <subfield code="s">164136</subfield>
            <subfield code="y">AAF Demonstrator</subfield>
            <subfield code="2">5825d6a0dcb2aa7cf63af1e53ee23896</subfield>
        </datafield>
        <datafield tag="856" ind1="4" ind2=" ">
            <subfield code="e">Public</subfield>
            <subfield code="0">n/a</subfield>
            <subfield code="1">CC BY-NC-ND</subfield>
            <subfield code="9">e64a1da9-4fc1-4e19-932f-67464067a7c8</subfield>
            <subfield code="s">162924</subfield>
            <subfield code="y">AAF Demonstrator</subfield>
            <subfield code="2">69e58fc81af29e5112ea6616c783c138</subfield>
        </datafield>
        <datafield tag="856" ind1="4" ind2=" ">
            <subfield code="e">Public</subfield>
            <subfield code="0">n/a</subfield>
            <subfield code="1">CC BY-NC-ND</subfield>
            <subfield code="9">0b18bf3b-d1f4-4231-b29a-0eb6dc306fcb</subfield>
            <subfield code="s">140171</subfield>
            <subfield code="y">AAF Demonstrator</subfield>
            <subfield code="2">689aa15349d8344735c1ce10f9876ffb</subfield>
        </datafield>
        <datafield tag="856" ind1="4" ind2=" ">
            <subfield code="e">Public</subfield>
            <subfield code="0">n/a</subfield>
            <subfield code="1">CC BY-NC-ND</subfield>
            <subfield code="9">50b76070-7364-435a-88b6-df7186f3f7bb</subfield>
            <subfield code="s">199974</subfield>
            <subfield code="y">AAF Demonstrator</subfield>
            <subfield code="2">4c9de148dce84162ecaee31fa6dbf1c1</subfield>
        </datafield>
        <datafield tag="856" ind1="0" ind2=" ">
            <subfield code="f">martin.lapri@test.it</subfield>
        </datafield>
        <datafield tag="856" ind1="4" ind2="1">
            <subfield code="u">https://www.test.ch/lab/pv-2050-en/</subfield>
        </datafield>
        <datafield tag="909" ind1="C" ind2="0">
            <subfield code="0">252299</subfield>
            <subfield code="m">sandr.bott@test.it</subfield>
            <subfield code="p">LAST</subfield>
            <subfield code="x">U12329</subfield>
            <subfield code="z">Blanc, Chantal</subfield>
        </datafield>
        <datafield tag="909" ind1="C" ind2="O">
            <subfield code="o">oai:test:293489</subfield>
            <subfield code="p">ENAC</subfield>
        </datafield>
        <datafield tag="960" ind1=" " ind2=" ">
            <subfield code="a">martine@test.ch</subfield>
        </datafield>
        <datafield tag="961" ind1=" " ind2=" ">
            <subfield code="a">r.rodriguesdematos@test.ua</subfield>
        </datafield>
        <datafield tag="973" ind1=" " ind2=" ">
            <subfield code="a">TEST</subfield>
        </datafield>
        <datafield tag="980" ind1=" " ind2=" ">
            <subfield code="a">OBJECTS</subfield>
        </datafield>
        <datafield tag="981" ind1=" " ind2=" ">
            <subfield code="a">overwrite</subfield>
        </datafield>
    </record>
</collection>